
@article{seminog_protocol_2024,
	title = {A protocol for a living mapping review of global research funding for infectious diseases with a pandemic potential ? Pandemic {PACT} [version 2; peer review: 2 approved, 2 approved with reservations]},
	volume = {9},
	doi = {10.12688/wellcomeopenres.21202.2},
	number = {156},
	journaltitle = {Wellcome Open Research},
	author = {Seminog, O and Furst, R and Mendy, T and Rohanian, O and Levanita, S and Kadri-Alabi, Z and Jabin, N and Humphreys, G and Antonio, E and Bucher, A and Norton, A},
	date = {2024},
	file = {8331ff21-7a4d-4d8a-a371-5e5603addfe2_21202_-_alice_norton_v2:/home/ernestguevarra/Zotero/storage/8C6FAN5L/8331ff21-7a4d-4d8a-a371-5e5603addfe2_21202_-_alice_norton_v2.pdf:application/pdf},
}
